<?xml version="1.0" encoding="UTF-8"?><collection xmlns="http://www.loc.gov/MARC21/slim"><record><leader>00438nam--2200169-i-4500</leader><controlfield tag="001">000042681</controlfield><controlfield tag="002">20161230</controlfield><controlfield tag="005">20161230201043</controlfield><controlfield tag="008">060222s1000------------r-----000-0-eng-d</controlfield><datafield ind1=" " ind2=" " tag="040"><subfield code="a">IFIN-HH</subfield></datafield><datafield ind1=" " ind2=" " tag="080"><subfield code="a">532</subfield></datafield><datafield ind1="1" ind2=" " tag="100"><subfield code="a">Starr,Victor P</subfield></datafield><datafield ind1="1" ind2="0" tag="245"><subfield code="a">Physic of negative viscosity phenomena</subfield><subfield code="c">Victor p. starr</subfield></datafield><datafield ind1=" " ind2=" " tag="260"><subfield code="a">New York, Mcgraw-hill Book Co.,1968</subfield></datafield><datafield ind1=" " ind2=" " tag="300"><subfield code="a">XV+256 P</subfield></datafield><datafield ind1=" " ind2=" " tag="852"><subfield code="a">30422</subfield><subfield code="c">532</subfield></datafield><datafield ind1=" " ind2=" " tag="CAT"><subfield code="a">Sys</subfield><subfield code="c">20100714</subfield><subfield code="h">110705</subfield></datafield></record></collection>